
@article{bakic2002mammogram1,
  title={Mammogram synthesis using a 3D simulation. {I}. Breast tissue model and image acquisition simulation},
  author={Bakic, Predrag R and Albert, Michael and Brzakovic, Dragana and Maidment, Andrew DA},
  journal={Medical physics},
  volume={29},
  number={9},
  pages={2131--2139},
  year={2002},
  publisher={American Association of Physicists in Medicine},
  annote={A paper describing breast tissue modelling and acquisition process used by Bakic et. al.}
}

@article{bakic2002mammogram2,
  title={Mammogram synthesis using a 3D simulation. {II}. Evaluation of synthetic mammogram texture},
  author={Bakic, Predrag R and Albert, Michael and Brzakovic, Dragana and Maidment, Andrew DA},
  journal={Medical physics},
  volume={29},
  number={9},
  pages={2140--2151},
  year={2002},
  publisher={American Association of Physicists in Medicine},
  annote={A second paper describing the simulated mammogram texture produced by Bakic et. al.}
}

@article{bakic2003mammogram3,
  title={Mammogram synthesis using a three-dimensional simulation. {III}. Modeling and evaluation of the breast ductal network},
  author={Bakic, Predrag R and Albert, Michael and Brzakovic, Dragana and Maidment, Andrew DA},
  journal={Medical physics},
  volume={30},
  number={7},
  pages={1914--1925},
  year={2003},
  publisher={American Association of Physicists in Medicine},
  annote={A third paper describing the simulated breast ductal network produced by Bakic et. al.}
}

@article{suckling1994mammographic,
  title={The mammographic image analysis society digital mammogram database},
  author={Suckling, John and Parker, J and Dance, DR and Astley, S and Hutt, I and Boggis, C and Ricketts, I and Stamatakis, E and Cerneaz, N and Kok, Siew-Li and others},
  year={1994},
  publisher={Excerta Medica},
  annote={Paper describing the Mammographic Image Analysis Society (MIAS) database}
}

@article{ganesan2013computer,
  title={Computer-aided breast cancer detection using mammograms: a review},
  author={Ganesan, Karthikeyan and Acharya, URajendra and Chua, Chua Kuang and Min, Lim Choo and Abraham, KThomas and Ng, K},
  journal={Biomedical Engineering, IEEE Reviews in},
  volume={6},
  pages={77--98},
  year={2013},
  publisher={IEEE},
  annote={Review paper on CAD with mammograms. This is both quite recent and provides fairly comprehensive overview of processing mammograms.}
}

@article{cayton2005algorithms,
  title={Algorithms for manifold learning},
  author={Cayton, Lawrence},
  journal={Univ. of California at San Diego Tech. Rep},
  pages={1--17},
  year={2005},
  annote={Review paper on some common manifold learning algorithms. This is now likely to be a bit dated but provides a good introduction to the topic.}
}

@article{bertini2011quality,
  title={Quality metrics in high-dimensional data visualization: an overview and systematization},
  author={Bertini, Enrico and Tatu, Andrada and Keim, Daniel},
  journal={Visualization and Computer Graphics, IEEE Transactions on},
  volume={17},
  number={12},
  pages={2203--2212},
  year={2011},
  publisher={IEEE},
  annote={Useful paper reviewing quality metrics and visualisation in regards to higher-dimensional data.}
}

@online{scikit-learn-site,
  author = {Scikit-learn},
  title = {{Scikit-learn} website},
  year = 2015,
  url = {http://scikit-learn.org/stable/},
  urldate = {2015-01-27},
  note={Accessed: 27/01/2015},
  annote={Website for the scikit-learn library}
}

@online{opencv-site,
  author = {OpenCV},
  title = {{OpenCV} website},
  year = 2015,
  url = {http://opencv.org},
  urldate = {2015-01-27},
  note={Accessed: 27/01/2015},
  annote={Website for the OpenCV library}
}