%% This BibTeX bibliography file was created using BibDesk.
%% http://bibdesk.sourceforge.net/
%% Saved with string encoding Unicode (UTF-8) 

@article{siegel2014cancer,
  title={Cancer statistics, 2014},
  author={Siegel, Rebecca and Ma, Jiemin and Zou, Zhaohui and Jemal, Ahmedin},
  journal={CA: a cancer journal for clinicians},
  volume={64},
  number={1},
  pages={9--29},
  year={2014},
  publisher={Wiley Online Library}
}

@article{mccormack2006breast,
  title={Breast density and parenchymal patterns as markers of breast cancer risk: a meta-analysis},
  author={McCormack, Valerie A and dos Santos Silva, Isabel},
  journal={Cancer Epidemiology Biomarkers \& Prevention},
  volume={15},
  number={6},
  pages={1159--1169},
  year={2006},
  publisher={AACR}
}

@article{independent2012benefits,
  title={The benefits and harms of breast cancer screening: an independent review},
  author={Independent UK Panel on Breast Cancer Screening and others},
  journal={The Lancet},
  volume={380},
  number={9855},
  pages={1778--1786},
  year={2012},
  publisher={Elsevier}
}

@article{wolfe1976breast,
  title={Breast patterns as an index of risk for developing breast cancer},
  author={Wolfe, John N},
  journal={American Journal of Roentgenology},
  volume={126},
  number={6},
  pages={1130--1137},
  year={1976},
  publisher={Am Roentgen Ray Soc}
}

@article{sampat2005computer,
  title={Computer-aided detection and diagnosis in mammography},
  author={Sampat, Mehul P and Markey, Mia K and Bovik, Alan C and others},
  journal={Handbook of image and video processing},
  volume={2},
  number={1},
  pages={1195--1217},
  year={2005},
  publisher={New York: Academic}
}

@article{smith2014cancer,
  title={Cancer screening in the United States, 2014: a review of current American Cancer Society guidelines and current issues in cancer screening},
  author={Smith, Robert A and Manassaram-Baptiste, Deana and Brooks, Durado and Cokkinides, Vilma and Doroshenk, Mary and Saslow, Debbie and Wender, Richard C and Brawley, Otis W},
  journal={CA: a cancer journal for clinicians},
  volume={64},
  number={1},
  pages={30--51},
  year={2014},
  publisher={Wiley Online Library}
}

@book{american1998breast,
  title={Breast imaging reporting and data system},
  author={American College of Radiology. BI-RADS Committee and American College of Radiology},
  year={1998},
  publisher={American College of Radiology}
}

@article{gram1997tabar,
  title={The Tabar classification of mammographic parenchymal patterns},
  author={Gram, Inger T and Funkhouser, Ellen and Tab{\'a}r, L{\'a}szl{\'o}},
  journal={European journal of radiology},
  volume={24},
  number={2},
  pages={131--136},
  year={1997},
  publisher={Elsevier}
}

@article{wolfe1976breast,
  title={Breast patterns as an index of risk for developing breast cancer},
  author={Wolfe, John N},
  journal={American Journal of Roentgenology},
  volume={126},
  number={6},
  pages={1130--1137},
  year={1976},
  publisher={Am Roentgen Ray Soc}
}

@article{boyd1995quantitative,
  title={Quantitative classification of mammographic densities and breast cancer risk: results from the Canadian National Breast Screening Study},
  author={Boyd, NF and Byng, JW and Jong, RA and Fishell, EK and Little, LE and Miller, AB and Lockwood, GA and Tritchler, DL and Yaffe, Martin J},
  journal={Journal of the National Cancer Institute},
  volume={87},
  number={9},
  pages={670--675},
  year={1995},
  publisher={Oxford University Press}
}

@book{tabar2005breast,
  title={Breast cancer: the art and science of early detection with mammography: perception, interpretation, histopathologic correlation},
  author={Tab{\'a}r, L{\'a}szl{\'o} and Tot, Tibor and Dean, Peter B},
  year={2005},
  publisher={Thieme}
}

@book{d1998illustrated,
  title={Illustrated Breast Imaging Reporting and Data System:(illustrated BI-RADS)},
  author={D'orsi, Carl J and American College of Radiology and American College of Radiology and BI-RADS Committee and others},
  year={1998},
  publisher={American College of Radiology}
}

@article{balleyguier2007birads,
  title={BIRADSâ„¢ classification in mammography},
  author={Balleyguier, Corinne and Ayadi, Salma and Van Nguyen, Kim and Vanel, Daniel and Dromain, Clarisse and Sigal, Robert},
  journal={European journal of radiology},
  volume={61},
  number={2},
  pages={192--194},
  year={2007},
  publisher={Elsevier}
}